
      <record>
         <leader>00000nz  a2200169   4500</leader>
         <controlfield tag="001">30005949</controlfield>
         <controlfield tag="003">RISM</controlfield>
         <controlfield tag="005">20160216</controlfield>
         <controlfield tag="008">160216n||az|||||||##########||||||||||||</controlfield>
         <datafield tag="040" ind1=" " ind2=" ">
            <subfield code="a">M-Ggauci</subfield>
         </datafield>
         <datafield tag="043" ind1=" " ind2=" ">
            <subfield code="c">XA-MT</subfield>
         </datafield>
         <datafield tag="110" ind1="2" ind2=" ">
            <subfield code="a">Gozo, Mgr. G. B. Gauci Private Collection</subfield>
            <subfield code="c">Schlettau</subfield>
            <subfield code="g">M-Ggauci</subfield>
         </datafield>
         <datafield tag="622" ind1=" " ind2=" ">
            <subfield code="e">Gozo, Mgr. G. B. Gauci Private, Collection, Gozo</subfield>
         </datafield>
      </record>