
      <record>
         <leader>00000nz  a2200169   4500</leader>
         <controlfield tag="001">30005944</controlfield>
         <controlfield tag="003">RISM</controlfield>
         <controlfield tag="005">20160216</controlfield>
         <controlfield tag="008">160216n||az|||||||##########||||||||||||</controlfield>
         <datafield tag="040" ind1=" " ind2=" ">
            <subfield code="a">M-Rsd</subfield>
         </datafield>
         <datafield tag="043" ind1=" " ind2=" ">
            <subfield code="c">XA-MT</subfield>
         </datafield>
         <datafield tag="110" ind1="2" ind2=" ">
            <subfield code="a">St. Dominic Convent</subfield>
            <subfield code="c">Rabat</subfield>
            <subfield code="g">M-Rsd</subfield>
         </datafield>
         <datafield tag="622" ind1=" " ind2=" ">
            <subfield code="e">St. Dominic Convent, Rabat, Malta</subfield>
         </datafield>
      </record>