
      <record>
         <leader>00000nz  a2200169   4500</leader>
         <controlfield tag="001">30005941</controlfield>
         <controlfield tag="003">RISM</controlfield>
         <controlfield tag="005">20160216</controlfield>
         <controlfield tag="008">160216n||az|||||||##########||||||||||||</controlfield>
         <datafield tag="040" ind1=" " ind2=" ">
            <subfield code="a">M-S</subfield>
         </datafield>
         <datafield tag="043" ind1=" " ind2=" ">
            <subfield code="c">XA-MT</subfield>
         </datafield>
         <datafield tag="110" ind1="2" ind2=" ">
            <subfield code="a">San Filippo</subfield>
            <subfield code="c">Senglea</subfield>
            <subfield code="g">M-S</subfield>
         </datafield>
         <datafield tag="622" ind1=" " ind2=" ">
            <subfield code="e">San Filippo, Senglea, Malta</subfield>
         </datafield>
      </record>